<?xml version="1.0" encoding="UTF-8"?><record xmlns="http://www.loc.gov/MARC21/slim" xmlns:cinclude="http://apache.org/cocoon/include/1.0" xmlns:zs="http://www.loc.gov/zing/srw/">
  <leader>00469nz  a2200121n  4500</leader>
  <controlfield tag="001">n  88040231 </controlfield>
  <controlfield tag="003">DLC</controlfield>
  <controlfield tag="005">19880830085634.3</controlfield>
  <controlfield tag="008">880809n| acannaab|          |n aaa |||  </controlfield>
  <datafield tag="010" ind1=" " ind2=" ">
    <subfield code="a">n  88040231 </subfield>
  </datafield>
  <datafield tag="040" ind1=" " ind2=" ">
    <subfield code="a">DLC</subfield>
    <subfield code="c">DLC</subfield>
    <subfield code="d">DLC</subfield>
  </datafield>
  <datafield tag="100" ind1="1" ind2="0">
    <subfield code="a">Romano, Andrea,</subfield>
    <subfield code="d">1924-</subfield>
  </datafield>
  <datafield tag="670" ind1=" " ind2=" ">
    <subfield code="a">His Der lange Weg Italiens in die Demokratie und den Fortschritt, 1987:</subfield>
    <subfield code="b">t.p. (Andrea Romano) p. 5, etc. (Dr.; Console d'Italia in SaarbruĚcken; b. 5/15/24 in Taurano; Foreign Service of Italy since 1955)</subfield>
  </datafield>
</record>